
@STRING{ELS_J_EaB    = "Energy and Buildings"}



@book{BIB:Rice95,
  author        = "John Rice",
  title         = "Mathematical Statistics and Data Analysis",
  publisher     = "Duxbury Press",
  year          = "1995",

  edition       = "Second",
}

@article{BIB:Perez08,
  author        = "Luis {P\'erez Lombard} and Jos\'e Ortiz and Christine Pout",
  title         = "A review on buildings energy consumption information",
  journal       = ELS_J_EaB,
  year          = "2008",

  volume        = "40",
  number        = "3",
  pages         = "394-398",
  month         = mar,
}

@inproceedings{BIB:Werner99,
  author        = "Werner Huber and Michael L$\ddot{\mathrm{a}}$dke and Rainer Ogger",
  title         = "Extended Floating-Car Data for the acquisition of traffic information",
  booktitle     = "World Congress on Intelligent Transport Systems",
  year          = "1999",

  month         = nov,
}

@electronic{BIB:MATLABwebsite11,
  title         = "The {MATLAB} Website",
  url           = "http://www.mathworks.com/",
  year          = "2011",
  key           = "MATLAB"
}

@manual{BIB:CTE09,
  title         = "C\'odigo T\'ecnico de la Edificaci\'on",

  organization  = "Ministerio de Vivienda",
  month         = apr,
  year          = "2009",
}
